<?xml version="1.0" encoding="UTF-8"?><collection xmlns="http://www.loc.gov/MARC21/slim"><record><leader>00590nam--2200217-u-4500</leader><controlfield tag="001">000050665</controlfield><controlfield tag="002">20161230</controlfield><controlfield tag="003">82052</controlfield><controlfield tag="005">20161230201048</controlfield><controlfield tag="008">080310s1000------------r-----000-0-eng-d</controlfield><datafield ind1=" " ind2=" " tag="020"><subfield code="a">0262693151</subfield></datafield><datafield ind1=" " ind2=" " tag="040"><subfield code="a">IFIN-HH</subfield></datafield><datafield ind1=" " ind2=" " tag="080"><subfield code="a">534.4:512.64</subfield></datafield><datafield ind1="1" ind2=" " tag="100"><subfield code="a">Stone, James V</subfield></datafield><datafield ind1="1" ind2="0" tag="245"><subfield code="a">Independent Component Analysis</subfield><subfield code="b">A Tutorial Introduction</subfield><subfield code="c">James V. Stone</subfield></datafield><datafield ind1=" " ind2=" " tag="260"><subfield code="a">Cambridge</subfield><subfield code="b">MIT Press</subfield><subfield code="c">2004</subfield></datafield><datafield ind1=" " ind2=" " tag="300"><subfield code="a">193 p</subfield></datafield><datafield ind1=" " ind2=" " tag="500"><subfield code="a">Bibliografie si index</subfield></datafield><datafield ind1=" " ind2="4" tag="650"><subfield code="a">Parallel programming (Computer science)</subfield></datafield><datafield ind1=" " ind2=" " tag="852"><subfield code="a">82052</subfield><subfield code="c">534</subfield></datafield><datafield ind1=" " ind2=" " tag="CAT"><subfield code="a">Sys</subfield><subfield code="c">20101014</subfield><subfield code="h">094906</subfield></datafield></record></collection>